<?xml version="1.0" encoding="UTF-8"?><collection xmlns="http://www.loc.gov/MARC21/slim"><record><leader>00629nam--2200205-u-4500</leader><controlfield tag="001">000052642</controlfield><controlfield tag="002">20161230</controlfield><controlfield tag="005">20161230201050</controlfield><controlfield tag="008">101001s1000------------r-----000-0-rus-d</controlfield><datafield ind1=" " ind2=" " tag="040"><subfield code="a">IFIN-HH</subfield></datafield><datafield ind1=" " ind2=" " tag="041"><subfield code="a">rus</subfield></datafield><datafield ind1=" " ind2=" " tag="080"><subfield code="a">533.9.01</subfield></datafield><datafield ind1="1" ind2=" " tag="100"><subfield code="a">Behrisch, R</subfield></datafield><datafield ind1="1" ind2="0" tag="245"><subfield code="a">Raspilenie tverdih tel ionnoi bombardirovkoi</subfield><subfield code="b">Fiziceskoe raspilennie. Odnoelementnih tverdih tel</subfield><subfield code="c">R. Behrisch (Ed.)</subfield></datafield><datafield ind1=" " ind2=" " tag="260"><subfield code="a">Moskva</subfield><subfield code="b">Mir</subfield><subfield code="c">1984</subfield></datafield><datafield ind1=" " ind2=" " tag="300"><subfield code="a">336 p</subfield></datafield><datafield ind1=" " ind2=" " tag="490"><subfield code="a">Problemi prikladnoi fiziki</subfield></datafield><datafield ind1=" " ind2=" " tag="500"><subfield code="a">Titlul original in lb. engleza: Sputtering by Particle Bombardment I</subfield></datafield><datafield ind1=" " ind2=" " tag="852"><subfield code="a">71754</subfield><subfield code="c">533.9</subfield></datafield><datafield ind1=" " ind2=" " tag="CAT"><subfield code="a">Sys</subfield><subfield code="c">20101001</subfield><subfield code="h">103246</subfield></datafield></record></collection>